<?xml version="1.0" encoding="UTF-8"?><record xmlns="http://www.loc.gov/MARC21/slim" xmlns:cinclude="http://apache.org/cocoon/include/1.0" xmlns:zs="http://www.loc.gov/zing/srw/">
  <leader>00420nz  a2200133n  4500</leader>
  <controlfield tag="001">no2009040520</controlfield>
  <controlfield tag="003">DLC</controlfield>
  <controlfield tag="005">20090318081141.0</controlfield>
  <controlfield tag="008">090316n| acannaabn          |n aaa     c</controlfield>
  <datafield tag="010" ind1=" " ind2=" ">
    <subfield code="a">no2009040520</subfield>
  </datafield>
  <datafield tag="035" ind1=" " ind2=" ">
    <subfield code="a">(OCoLC)oca08046981</subfield>
  </datafield>
  <datafield tag="040" ind1=" " ind2=" ">
    <subfield code="a">MH-P</subfield>
    <subfield code="b">eng</subfield>
    <subfield code="c">MH-P</subfield>
  </datafield>
  <datafield tag="100" ind1="1" ind2=" ">
    <subfield code="a">Klein, Pamela Y.</subfield>
  </datafield>
  <datafield tag="670" ind1=" " ind2=" ">
    <subfield code="a">1990 additions to the list of independently dated virtual poles and the Southwest master curve, 1995:</subfield>
    <subfield code="b">t.p. (Pamela Y. Klein)</subfield>
  </datafield>
</record>